@misc{glaser2017,
  title = {The industrial robotics market will nearly triple in less
                  than 10 years},
  howpublished =
                  {\url{https://www.recode.net/2017/6/22/15763106/industrial-robotics-market-triple-ten-years-collaborative-robots}},
  author = {April Glaser},
  year = {2017},
  month = {June},
  note = {Accessed: 2019-01-08},
}

@misc{murphy2017,
  title = {Industrial: Robotics Outlook 2025},
  howpublished =
                  {\url{https://loupventures.com/industrial-robotics-outlook-2025/}},
  author = {Andrew Murphy},
  year = {2017},
  month = {June},
  note = {Accessed: 2019-01-08},
  institution = {Loup Ventures},
}